ARTICLES
========

@article{Armitage_2018,
   title={A Brief Overview of Planet Formation},
   ISBN={9783319553337},
   url={http://dx.doi.org/10.1007/978-3-319-55333-7_135},
   DOI={10.1007/978-3-319-55333-7_135},
   journal={Handbook of Exoplanets},
   publisher={Springer International Publishing},
   author={Armitage, Philip J.},
   year={2018},
   pages={2185-2203}
}

@article{Bailli_2016,
   title={Trapping planets in an evolving protoplanetary disk: preferred time, 
          locations, and planet mass},
   volume={590},
   ISSN={1432-0746},
   url={http://dx.doi.org/10.1051/0004-6361/201528027},
   DOI={10.1051/0004-6361/201528027},
   journal={Astronomy \& Astrophysics},
   publisher={EDP Sciences},
   author={Bailli, K. and Charnoz, S. and Pantin, E.},
   year={2016},
   month={May},
   pages={A60}
}

@article{Benz_2014,
   title={Planet Population Synthesis},
   ISBN={9780816531240},
   url={http://dx.doi.org/10.2458/azu_uapress_9780816531240-ch030},
   DOI={10.2458/azu_uapress_9780816531240-ch030},
   journal={Protostars and Planets VI},
   publisher={University of Arizona Press},
   author={Benz, W. and Ida, S. and Alibert, Y. and Lin, D. and Mordasini, C.},
   year={2014}
}

@article{Birnstiel_2010,
   title={Gas- and dust evolution in protoplanetary disks},
   volume={513},
   ISSN={1432-0746},
   url={http://dx.doi.org/10.1051/0004-6361/200913731},
   DOI={10.1051/0004-6361/200913731},
   journal={Astronomy \& Astrophysics},
   publisher={EDP Sciences},
   author={Birnstiel, T. and Dullemond, C. P. and Brauer, F.},
   year={2010},
   month={Apr},
   pages={A79}
}

@article{Bitsch_2013_migration,
   title={Stellar irradiated discs and implications on migration of embedded planets},
   volume={549},
   ISSN={1432-0746},
   url={http://dx.doi.org/10.1051/0004-6361/201220159},
   DOI={10.1051/0004-6361/201220159},
   journal={Astronomy \& Astrophysics},
   publisher={EDP Sciences},
   author={Bitsch, B. and Crida, A. and Morbidelli, A. and Kley, W. and Dobbs-Dixon, I.},
   year={2013},
   month={Jan},
   pages={A124}
}

@article{Bitsch_2013,
   title={Highly inclined and eccentric massive planets},
   volume={555},
   ISSN={1432-0746},
   url={http://dx.doi.org/10.1051/0004-6361/201220310},
   DOI={10.1051/0004-6361/201220310},
   journal={Astronomy \& Astrophysics},
   publisher={EDP Sciences},
   author={Bitsch, B. and Crida, A. and Libert, A.-S. and Lega, E.},
   year={2013},
   month={Jul},
   pages={A124}
}

@article{Bitsch_2018,
   title={Pebble-isolation mass: Scaling law and implications for the formation of super-Earths and gas giants},
   volume={612},
   ISSN={1432-0746},
   url={http://dx.doi.org/10.1051/0004-6361/201731931},
   DOI={10.1051/0004-6361/201731931},
   journal={Astronomy \& Astrophysics},
   publisher={EDP Sciences},
   author={Bitsch, B. and Morbidelli, A. and Johansen, A. and Lega, E. and Lambrechts, M. and Crida, A.},
   year={2018},
   month={Apr},
   pages={A30}
}

@article{Bitsch_2019,
   title={Formation of planetary systems by pebble accretion and migration: growth of gas giants},
   volume={623},
   ISSN={1432-0746},
   url={http://dx.doi.org/10.1051/0004-6361/201834489},
   DOI={10.1051/0004-6361/201834489},
   journal={Astronomy \& Astrophysics},
   publisher={EDP Sciences},
   author={Bitsch, B. and Izidoro, A. and Johansen, A. and Raymond, S. N. and Morbidelli, A. and Lambrechts, M. and Jacobson, S. A.},
   year={2019},
   month={Mar},
   pages={A88}
}

@article{Crida_2006,
   title={On the width and shape of gaps in protoplanetary disks},
   volume={181},
   ISSN={0019-1035},
   url={http://dx.doi.org/10.1016/j.icarus.2005.10.007},
   DOI={10.1016/j.icarus.2005.10.007},
   number={2},
   journal={Icarus},
   publisher={Elsevier BV},
   author={Crida, A. and Morbidelli, A. and Masset, F.},
   year={2006},
   month={Apr},
   pages={587--604}
}

@article{Dullemond_2010,
   title={The Inner Regions of Protoplanetary Disks},
   volume={48},
   ISSN={1545-4282},
   url={http://dx.doi.org/10.1146/annurev-astro-081309-130932},
   DOI={10.1146/annurev-astro-081309-130932},
   number={1},
   journal={Annual Review of Astronomy and Astrophysics},
   publisher={Annual Reviews},
   author={Dullemond, C.P. and Monnier, J.D.},
   year={2010},
   month={Aug},
   pages={205-239}
}

@article{Dullemond_2018,
   title={The Disk Substructures at High Angular Resolution Project (DSHARP). VI. Dust Trapping in Thin-ringed Protoplanetary Disks},
   volume={869},
   ISSN={2041-8213},
   url={http://dx.doi.org/10.3847/2041-8213/aaf742},
   DOI={10.3847/2041-8213/aaf742},
   number={2},
   journal={The Astrophysical Journal},
   publisher={American Astronomical Society},
   author={Dullemond, Cornelis P. and Birnstiel, Tilman and Huang, Jane and 
           Kurtovic, Nicolas T. and Andrews, Sean M. and Guzman, Viviana V. 
           and Parez, Laura M. and Isella, Andrea and Zhu, Zhaohuan and Benisty, Myriam and et al.},
   year={2018},
   month={Dec},
   pages={L46}
}

@article{Hamilton_1992,
  author = "{{Hamilton, D. P. \& Burns, J. A.}}",
  title = "Orbital stability zones about asteroids. II - 
  The destabilizing effects of eccentric orbits and of solar radiation",
  journal = "Icarus",
  volume = "96",
  number = "1",
  pages = "43--64",
  year = "1992",
  DOI = "https://www.sciencedirect.com/science/article/pii/001910359290005R",
}

@article{Hosseinbor_2007,
   title={The formation of an eccentric gap in a gas disc by a planet in an eccentric orbit},
   volume={378},
   ISSN={1365-2966},
   url={http://dx.doi.org/10.1111/j.1365-2966.2007.11832.x},
   DOI={10.1111/j.1365-2966.2007.11832.x},
   number={3},
   journal={Monthly Notices of the Royal Astronomical Society},
   publisher={Oxford University Press (OUP)},
   author={Hosseinbor, A. Pasha and Edgar, Richard G. and Quillen, Alice C. and LaPage, Amanda},
   year={2007},
   month={Jun},
   pages={966-972}
}

@article{Ida_2018,
   title={Slowing Down Type II Migration of Gas Giants to Match Observational Data},
   volume={864},
   ISSN={1538-4357},
   url={http://dx.doi.org/10.3847/1538-4357/aad69c},
   DOI={10.3847/1538-4357/aad69c},
   number={1},
   journal={The Astrophysical Journal},
   publisher={American Astronomical Society},
   author={Ida, S. and Tanaka, H. and Johansen, A. and Kanagawa, K. D. and Tanigawa, T.},
   year={2018},
   month={Aug},
   pages={77}
}

@article{Kanagawa_2018,
   title={Radial Migration of Gap-opening Planets in Protoplanetary Disks. I. The Case of a Single Planet},
   volume={861},
   ISSN={1538-4357},
   url={http://dx.doi.org/10.3847/1538-4357/aac8d9},
   DOI={10.3847/1538-4357/aac8d9},
   number={2},
   journal={The Astrophysical Journal},
   publisher={American Astronomical Society},
   author={Kanagawa, Kazuhiro D. and Tanaka, Hidekazu and Szuszkiewicz, Ewa},
   year={2018},
   month={Jul},
   pages={140}
}

% @article{Kanagawa_2018,
%    title={Impacts of Dust Feedback on a Dust Ring Induced by a Planet in a Protoplanetary Disk},
%    volume={868},
%    ISSN={1538-4357},
%    url={http://dx.doi.org/10.3847/1538-4357/aae837},
%    DOI={10.3847/1538-4357/aae837},
%    number={1},
%    journal={The Astrophysical Journal},
%    publisher={American Astronomical Society},
%    author={Kanagawa, Kazuhiro D. and Muto, Takayuki and Okuzumi, Satoshi and Tanigawa, Takayuki and Taki, Tetsuo and Shibaike, Yuhito},
%    year={2018},
%    month={Nov},
%    pages={48}
% }

@article{Keppler_2018,
   title={Discovery of a planetary-mass companion within the gap of the 
          transition disk around PDS 70},
   volume={617},
   ISSN={1432-0746},
   url={http://dx.doi.org/10.1051/0004-6361/201832957},
   DOI={10.1051/0004-6361/201832957},
   journal={Astronomy \& Astrophysics},
   publisher={EDP Sciences},
   author={Keppler, M. and Benisty, M. and M\"uller, A. and Henning, Th. 
           and van Boekel, R. and Cantalloube, F. and Ginski, C. 
           and van Holstein, R. G. and Maire, A.-L. and Pohl, A. and et al.},
   year={2018},
   month={Sep},
   pages={A44}
}

@article{King_2007,
   title={Accretion disc viscosity: how big is alpha?},
   volume={376},
   ISSN={1365-2966},
   url={http://dx.doi.org/10.1111/j.1365-2966.2007.11556.x},
   DOI={10.1111/j.1365-2966.2007.11556.x},
   number={4},
   journal={Monthly Notices of the Royal Astronomical Society},
   publisher={Oxford University Press (OUP)},
   author={King, A. R. and Pringle, J. E. and Livio, M.},
   year={2007},
   month={Mar},
   pages={1740--1746}
}

@article{Kley_1999,
  author = "{Kley, W.}",
  title = "Mass flow and accretion through gaps in accretion discs",
  journal = "Monthly Notices of the Royal Astronomical Society",
  volume = "303",
  number = "4",
  pages = "696--710",
  year = "1999",
  DOI = " 10.1046/j.1365-8711.1999.02198.x",
  keywords = "ACCRETION; ACCRETION DISCS; HYDRODYNAMICS; 
    PLANETS AND SATELLITES: GENERAL; STARS: FORMATION; 
    PLANETARY SYSTEMS; Astrophysics"
} 

@article{Kley_2006,
   title={Disk eccentricity and embedded planets},
   volume={447},
   ISSN={1432-0746},
   url={http://dx.doi.org/10.1051/0004-6361:20053914},
   DOI={10.1051/0004-6361:20053914},
   number={1},
   journal={Astronomy \& Astrophysics},
   publisher={EDP Sciences},
   author={Kley, W. and Dirksen, G.},
   year={2006},
   month={Jan},
   pages={369--377}
}

@article{Kley_2015,
   title={Migration of massive planets in accreting disks},
   volume={574},
   ISSN={1432-0746},
   url={http://dx.doi.org/10.1051/0004-6361/201424837},
   DOI={10.1051/0004-6361/201424837},
   journal={Astronomy \& Astrophysics},
   publisher={EDP Sciences},
   author={D\"urmann, C. and Kley, W.},
   year={2015},
   month={Jan},
   pages={A52}
}

@ARTICLE{Kozai_1962,
       author = {{Kozai}, Yoshihide},
        title = "{Secular perturbations of asteroids with high inclination and eccentricity}",
      journal = {Astronomical Journal},
         year = "1962",
        month = "Nov",
       volume = {67},
        pages = {591-598},
          doi = {10.1086/108790},
}

@article{Lin_Papaloizou_1993,
       author = {{Lin}, D.~N.~C. and {Papaloizou}, J.~C.~B.},
        title = "{On the Tidal Interaction Between Protostellar Disks and Companions}",
     keywords = {Accretion Disks, Angular Momentum, Binary Stars, Energy Transfer, Protoplanets, Protostars, Mass Ratios, Stellar Models, Stellar Orbits, Tides, Astrophysics},
    booktitle = {Protostars and Planets III},
         year = "1993",
       editor = {{Levy}, Eugene H. and {Lunine}, Jonathan I.},
        month = "Jan",
        pages = {749},
}

@article{Lynden_Bell_1974,
  author = {{Lynden-Bell}, D. and {Pringle}, J.E.},
  title = "{The evolution of viscous discs and the origin of the nebular variables.}",
  journal = {MNRAS},
  year = "1974",
  month = "Sep",
  volume = {168},
  pages = {603-637},
  doi = {10.1093/mnras/168.3.603},
}

@article{Lynden_Bell_1974,
  author = {{Lynden-Bell}, D. and {Pringle}, J.E.},
  title = "{The evolution of viscous discs and the origin of the nebular variables.}",
  journal = {MNRAS},
  year = "1974",
  month = "Sep",
  volume = {168},
  pages = {603-637},
  doi = {10.1093/mnras/168.3.603},
}

@article{Machida_2010,
  author = "{{M. Machida et al.}}",
  title = "Gas accretion onto a protoplanet and formation of a gas giant planet",
  journal = "Monthly Notices of the Royal Astronomical Society",
  volume = "405",
  number = "2",
  pages = "1227--1243",
  year = "2010",
  DOI = "10.1111/j.1365-2966.2010.16527.x",
  keywords = "accretion, accretion discs, hydrodynamics, planets and 
    satellites: formation, Solar system: formation, planetary systems"
}

@article{Masset_1999,
  author = "{{Masset, F.}}",
  title = "FARGO: A fast Eulerian Transport Algorithm for 
  Differentially Rotating Disks",
  journal = "Astron. Astrophys. Supp. Series",
  volume = "",
  number = "",
  pages = "",
  year = "1999",
  DOI = "10.1051/aas:2000116",
}

@article{Matsumura_2017,
   title={N-body simulations of planet formation via pebble accretion},
   volume={607},
   ISSN={1432-0746},
   url={http://dx.doi.org/10.1051/0004-6361/201731155},
   DOI={10.1051/0004-6361/201731155},
   journal={Astronomy \& Astrophysics},
   publisher={EDP Sciences},
   author={Matsumura, Soko and Brasser, Ramon and Ida, Shigeru},
   year={2017},
   month={Nov},
   pages={A67}
}

@article{Morbidelli_2016,
   title={Challenges in planet formation},
   volume={121},
   ISSN={2169-9097},
   url={http://dx.doi.org/10.1002/2016JE005088},
   DOI={10.1002/2016je005088},
   number={10},
   journal={Journal of Geophysical Research: Planets},
   publisher={American Geophysical Union (AGU)},
   author={Morbidelli, A. and Raymond, S. N.},
   year={2016},
   month={Oct},
   pages={1962-1980}
}

@ARTICLE{Mordasini_2012,
       author = {{Mordasini}, C. and {Alibert}, Y. and {Klahr}, H. and {Henning}, T.},
        title = "{Characterization of exoplanets from their formation. I. Models of combined planet formation and evolution}",
      journal = {Astronomy \& Astrophysics},
     keywords = {planetary systems, planet-disk interactions, planets and satellites: formation, planets and satellites: interiors, planets and satellites: individual: Jupiter, methods: numerical, Astrophysics - Earth and Planetary Astrophysics},
         year = "2012",
        month = "Nov",
       volume = {547},
          eid = {A111},
        pages = {A111},
          doi = {10.1051/0004-6361/201118457},
archivePrefix = {arXiv},
       eprint = {1206.6103},
 primaryClass = {astro-ph.EP},
}

@article{aless2018accretion,
    title={Accretion Processes},
    author={A. Morbidelli},
    year={2018},
    eprint={1803.06708},
    archivePrefix={arXiv},
    primaryClass={astro-ph.EP}
}

@article{Nelson_2018,
   title={Planetary Migration in Protoplanetary Disks},
   ISBN={9783319553337},
   url={http://dx.doi.org/10.1007/978-3-319-55333-7_139},
   DOI={10.1007/978-3-319-55333-7_139},
   journal={Handbook of Exoplanets},
   publisher={Springer International Publishing},
   author={Nelson, Richard P.},
   year={2018},
   pages={2287-2317}
}

@ARTICLE{Paardekooper_2006,
       author = {{Paardekooper}, S. -J. and {Mellema}, G.},
        title = "{Dust flow in gas disks in the presence of embedded planets}",
      journal = {Astronomy and Astrophysics},
     keywords = {hydrodynamics, methods: numerical, stars: planetary systems: protoplanetary disks, Astrophysics},
         year = "2006",
        month = "Jul",
       volume = {453},
       number = {3},
        pages = {1129-1140},
          doi = {10.1051/0004-6361:20054449},
archivePrefix = {arXiv},
       eprint = {astro-ph/0603132},
 primaryClass = {astro-ph},
}

@ARTICLE{Paardekooper_2010,
       author = {{Paardekooper}, S. J. and {Baruteau}, C. and {Crida}, A. and {Kley}, W.},
        title = "{A torque formula for non-isothermal type I planetary migration - I. Unsaturated horseshoe drag}",
      journal = {MNRAS},
     keywords = {planets and satellites: formation, planetary systems: formation, Astrophysics - Earth and Planetary Astrophysics},
         year = "2010",
        month = "Jan",
       volume = {401},
       number = {3},
        pages = {1950-1964},
          doi = {10.1111/j.1365-2966.2009.15782.x},
archivePrefix = {arXiv},
       eprint = {0909.4552},
 primaryClass = {astro-ph.EP},
}

@ARTICLE{Papaloizou_1986,
       author = {{Lin}, D.~N.~C. and {Papaloizou}, John},
        title = "{On the Tidal Interaction between Protoplanets and the Protoplanetary Disk. III. Orbital Migration of Protoplanets}",
      journal = {The Astrophysical Journal},
     keywords = {Planetary Evolution, Protoplanets, Stellar Evolution, Stellar Models, Tides, Angular Momentum, Feedback, Momentum Transfer, Orbit Perturbation, Astrophysics, PLANETS: FORMATION, STARS: FORMATION},
         year = "1986",
        month = "Oct",
       volume = {309},
        pages = {846},
          doi = {10.1086/164653},
}

@article{Papaloizou_2001,
    author = {Papaloizou, John C. B. and Terquem, Caroline},
    title = "{Dynamical relaxation and massive extrasolar planets}",
    journal = {Monthly Notices of the Royal Astronomical Society},
    volume = {325},
    number = {1},
    pages = {221-230},
    year = {2001},
    month = {07},
    abstract = "{Following the suggestion of Black that some massive extrasolar planets may be associated with the tail of the distribution of stellar companions, we investigate a scenario in which 5 ≤ N ≤ 100 planetary mass objects are assumed to form rapidly through a fragmentation process occuring in a disc or protostellar envelope on a scale of 100 au. These are assumed to have formed rapidly enough through gravitational instability or fragmentation that their orbits can undergo dynamical relaxation on a time-scale of ∼100 orbits.Under a wide range of initial conditions and assumptions, the relaxation process ends with either (i) one potential ‘hot Jupiter’ plus up to two ‘external’ companions, i.e. planets orbiting near the outer edge of the initial distribution; (ii) one or two ‘external’ planets or even none at all; (iii) one planet on an orbit with a semi-major axis of 10 to 100 times smaller than the outer boundary radius of the inital distribution together with an ‘external’ companion. Most of the other objects are ejected and could contribute to a population of free-floating planets. Apart from the potential ‘hot Jupiters’, all the bound objects are on orbits with high eccentricity, and also with a range of inclination with respect to the stellar equatorial plane. We found that, apart from the close orbiters, the probability of ending up with a planet orbiting at a given distance from the central star increases with the distance. This is because of the tendency of the relaxation process to lead to collisions with the central star. The scenario we envision here does not impose any upper limit on the mass of the planets. We discuss the application of these results to some of the more massive extrasolar planets.}",
    issn = {0035-8711},
    doi = {10.1046/j.1365-8711.2001.04386.x},
    url = {https://doi.org/10.1046/j.1365-8711.2001.04386.x},
    eprint = {https://academic.oup.com/mnras/article-pdf/325/1/221/2826930/325-1-221.pdf},
}

@article{Petigura_2013,
   title={Prevalence of Earth-size planets orbiting Sun-like stars},
   volume={110},
   ISSN={1091-6490},
   url={http://dx.doi.org/10.1073/pnas.1319909110},
   DOI={10.1073/pnas.1319909110},
   number={48},
   journal={Proceedings of the National Academy of Sciences},
   publisher={Proceedings of the National Academy of Sciences},
   author={Petigura, E. A. and Howard, A. W. and Marcy, G. W.},
   year={2013},
   month={Nov},
   pages={19273-19278}
}

@article{Pfalzner_2015,
   title={The formation of the solar system},
   volume={90},
   ISSN={1402-4896},
   url={http://dx.doi.org/10.1088/0031-8949/90/6/068001},
   DOI={10.1088/0031-8949/90/6/068001},
   number={6},
   journal={Physica Scripta},
   publisher={IOP Publishing},
   author={Pfalzner, S. and Davies, M. B. and Gounelle, M. and Johansen, 
           A. and M\"unker, C. and Lacerda, P. and Zwart, S. Portegies and Testi, 
           L. and Trieloff, M. and Veras, D.},
   year={2015},
   month={Apr},
   pages={068001}
}

@ARTICLE{Pollack_1996,
       author = {{Pollack}, James B. and {Hubickyj}, Olenka and {Bodenheimer}, Peter and
         {Lissauer}, Jack J. and {Podolak}, Morris and {Greenzweig}, Yuval},
        title = "{Formation of the Giant Planets by Concurrent Accretion of Solids and Gas}",
      journal = {Icarus},
         year = "1996",
        month = "Nov",
       volume = {124},
       number = {1},
        pages = {62-85},
          doi = {10.1006/icar.1996.0190},
}

@article{Robert_2018,
   title={Toward a new paradigm for Type II migration},
   volume={617},
   ISSN={1432-0746},
   url={http://dx.doi.org/10.1051/0004-6361/201833539},
   DOI={10.1051/0004-6361/201833539},
   journal={Astronomy \& Astrophysics},
   publisher={EDP Sciences},
   author={Robert, C. M. T. and Crida, A. and Lega, E. and Meheut, H. and Morbidelli, A.},
   year={2018},
   month={Sep},
   pages={A98}
}

@article{Schulik_2019,
   title={Global 3D radiation-hydrodynamic simulations of gas accretion: Opacity-dependent growth of Saturn-mass planets},
   volume={632},
   ISSN={1432-0746},
   url={http://dx.doi.org/10.1051/0004-6361/201935473},
   DOI={10.1051/0004-6361/201935473},
   journal={Astronomy \& Astrophysics},
   publisher={EDP Sciences},
   author={Schulik, M. and Johansen, A. and Bitsch, B. and Lega, E.},
   year={2019},
   month={Dec},
   pages={A118}
}

@article{Soon_2019,
   title={Investigating the gas-to-dust ratio in the protoplanetary disk of HD 142527},
   ISSN={2053-051X},
   url={http://dx.doi.org/10.1093/pasj/psz112},
   DOI={10.1093/pasj/psz112},
   journal={Publications of the Astronomical Society of Japan},
   publisher={Oxford University Press (OUP)},
   author={Soon, Kang-Lou and Momose, Munetake and Muto, Takayuki and Tsukagoshi, Takashi and Kataoka, Akimasa and Hanawa, Tomoyuki and Fukagawa, Misato and Saigo, Kazuya and Shibai, Hiroshi},
   year={2019},
   month={Oct}
}

@article{Stoll_2014,
   title={Vertical shear instability in accretion disc models with radiation transport},
   volume={572},
   ISSN={1432-0746},
   url={http://dx.doi.org/10.1051/0004-6361/201424114},
   DOI={10.1051/0004-6361/201424114},
   journal={Astronomy \& Astrophysics},
   publisher={EDP Sciences},
   author={Stoll, M. H. R. and Kley, W.},
   year={2014},
   month={Dec},
   pages={A77}
}

@article{Thun_2017,
   title={Circumbinary discs: Numerical and physical behaviour},
   volume={604},
   ISSN={1432-0746},
   url={http://dx.doi.org/10.1051/0004-6361/201730666},
   DOI={10.1051/0004-6361/201730666},
   journal={Astronomy \& Astrophysics},
   publisher={EDP Sciences},
   author={Thun, Daniel and Kley, Wilhelm and Picogna, Giovanni},
   year={2017},
   month={Aug},
   pages={A102}
}

@article{Ward_1996,
  author = "{{Ward, William R.}}",
  title = "Planetary Accretion",
  journal = "Completing the Inventory of the Solar System, 
    Astronomical Society of the Pacific Conference Proceedings",
  volume = "107",
  % number = "10",
  pages = "337--361",
  year = "1996",
  DOI = " 1996ASPC..107..337W",
  keywords = "physics"
}

@article{Wolszczan_1992,
  author = "A. Wolszczan and D. A. Frail",
  title = "A planetary system around the millisecond pulsar PSR1257 + 12",
  journal = "Nature",
  volume = "355",
  pages = "145-147",
  year = "1992",
  DOI = "10.1038/355145a0",
  keywords = "physics"
}

@ARTICLE{Woolfson_1993,
       author = {{Woolfson}, M. M.},
        title = "{The Solar - Origin and Evolution}",
      journal = {Quarterly Journal of the Royal Astronomical Society},
     keywords = {SOLAR SYSTEM, ORIGIN, EVOLUTION, THEORETICAL STUDIES, HYPOTHESES, MODELS, HISTORY, PROTOPLANETS, CAPTURE, ACCRETION, SOLAR NEBULA, COLLISIONS, COSMOLOGY, ANGULAR MOMENTUM, GRAVITY EFFECTS, PLANETS, FORMATION, Planets},
         year = "1993",
        month = "Mar",
       volume = {34},
        pages = {1-20},
       adsurl = {https://ui.adsabs.harvard.edu/abs/1993QJRAS..34....1W},
      adsnote = {Provided by the SAO/NASA Astrophysics Data System}
}



BOOKS
=====



ONLINE RESOURCES
================


@online{ALMA_HL_Tau,
  author = "ALMA (ESO/NAOJ/NRAO)",
  title = "ALMA image of the protoplanetary disc around HL Tauri",
  url  = "https://www.eso.org/public/archives/images/original/eso1436a.tif",
  addendum = "(accessed: 11.02.2020)",
}

@online{ALMA_TW_Hydrae,
  author = "S. Andrews (Harvard-Smithsonian CfA); B. Saxton (NRAO/AUI/NSF); 
  ALMA \newline (ESO/NAOJ/NRAO)",
  title = "ALMA image of the disc around the young star TW Hydrae",
  url  = "https://www.eso.org/public/archives/images/original/eso1611a.tif",
  addendum = "(accessed: 11.02.2019)",
}

@online{fargo2D1D_what_is_fargo2D1D,
  author = "FARGO3D",
  title = "What is FARGO2D1D?",
  url  = "http://fargo.in2p3.fr/What-is-FARGO-2D1D",
  addendum = "(accessed: 17.01.2020)",
}

@online{fargo3D_website,
  author = "",
  title = "",
  url  = "",
  addendum = "(accessed: 01.09.2016)",
}

@online{fargo3D_docs,
  author = "",
  title = "",
  url  = "",
  addendum = "(accessed: 01.09.2016)",
}

@online{IAU_planet_def,
  author = {{International Astronomical Union}},
  title = "Resolution B5: Definition of a Planet in the Solar System",
  url = "https://www.iau.org/static/resolutions/Resolution_GA26-5-6.pdf",
  addendum = "(accessed: 13.02.2020)",
}

@online{more_stars_with_planets_than_without,
  author = "NASA",
  title = "Legacy of NASA's Kepler Space Telescope: More Planets Than Stars",
  url  = "https://www.nasa.gov/mediacast/legacy-of-nasa-s-kepler-space-telescope-more-planets-than-stars",
  addendum = "(accessed: 10.02.2020)",
}

MISC
====

@MISC{fargo_2D1D_grid,
    author = {FARGO3D},
    title = {2D1D grid},
    note = {[Online; accessed January 06, 2020]},
    url = {http://fargo.in2p3.fr/local/cache-vignettes/L500xH501/gif_1D2Dgrid-352ab.png}
}

@MISC{protoplanetary_disk_around_TW_Hydrae_image,
    author = {ALMA},
    title = {ALMA image of the disc around the young star TW Hydrae},
    note = {[Online; accessed January 06, 2020]},
    url = {https://cdn.eso.org/images/screen/eso1611a.jpg}
}

@MISC{protoplanetary_disk_around_TW_Hydrae,
    author = {ALMA},
    title = {ALMA's Most Detailed Image of a Protoplanetary Disc},
    note = {[Online; accessed January 06, 2020]},
    url = {https://www.eso.org/public/news/eso1611/}
}
